%% ----------------------------------------------------------------------
%%    Examples of common entries
%% ----------------------------------------------------------------------

@article{example-article,
    author = {I. Surname and I. Surname and I. Surname},
    title = {The Title of the Article},
    journal = {The Title of the Journal},
    volume = {1},
    number = {2},
    pages = {123-456},
    year = {2000},
    note = {}
}

@book{example-book,
    author = {I. Surname and I. Surname and I. Surname},
    title = {The Title of the Book},
    publisher = {Publisher},
    year = {2000},
    edition = {8th ed.},
    address = {City, State or Country},
    note = {}
}

@online{example-website,
    author = {{Website Name} <OR> I. Surname and I. Surname and I. Surname},
    title = {Title of the Website},
    url = {https://example.com},
    urldate = {2020-12-24},
    year = {2000}
}

@article{VLSI_SAT_ref,
	author = {Soh, Takehide and Inoue, Katsumi and Tamura, Naoyuki and Banbara, Mutsunori and Nabeshima, Hidetomo},
	year = {2010},
	month = {01},
	pages = {467-487},
	title = {A SAT-based Method for Solving the Two-dimensional Strip Packing Problem},
	volume = {102},
	journal = {Fundam. Inform.},
	doi = {10.3233/FI-2010-314}
}

%% ----------------------------------------------------------------------
%%    Start of bibliography
%% ----------------------------------------------------------------------
